@string{MATHCOMP= "Mathematics of Computation"}
@string{JCP     = "Journal of Computational Physics"}
@string{MATHPRO = "Mathematical Programming"}
@string{JMLR    = "Journal of Machine Learning Research"}

@string{SIADs   = "SIAM Journal on Applied Dynamical Systems"}
@string{SIAP    = "SIAM Journal on Applied Mathematics"}
@string{SICOMP  = "SIAM Journal on Computing"}
@string{SICON   = "SIAM Journal on Control and Optimization"}
@string{SIDMA   = "SIAM Journal on Discrete Mathematics"}
@string{SIMA    = "SIAM Journal on Mathematical Analysis"}
@string{SIMAX   = "SIAM Journal on Matrix Analysis and Applications"}
@string{SINA    = "SIAM Journal on Numerical Analysis"}
@string{SINUM   = "SIAM Journal on Numerical Analysis"}
@string{SIOPT   = "SIAM Journal on Optimization"} 
@string{SISC    = "SIAM Journal on Scientific Computing"}
@string{SISSC   = "SIAM Journal on Scientific and Statistical Computing"}
@string{SIREV   = "SIAM Review"}
@string{MMS     = "Multiscale Modeling and Simulation"}
@string{TVP     = "Theory of Probability \& Its Applications"}
@string{JSC     = "Journal of Scientific Computing"}

@string{EJLA    = "Electronic Journal of Linear Algebra"}
@string{ETNA    = "Electronic Transactions on Numerical Analysis"}
@string{LAA     = "Linear Algebra and its Applications"}
@string{NLAA    = "Numerical Linear Algebra with Applications"}
@string{AMM     = "American Mathematical Monthly"}

@string{JChemP  = "Journal of Chemical Physics"}
@string{JCM     = "Journal of Computational Mathematics"}
@string{JCAM    = "Journal of Computational and Applied Mathematics"}
@string{JCChem  = "Journal of Computational Chemistry"}
@string{JPChem  = "Journal of Physical Chemistry"}
@string{JPChemA = "Journal of Physical Chemistry A"}
@string{JPChemB = "Journal of Physical Chemistry B"}
@string{JPChemC = "Journal of Physical Chemistry C"}
@string{JPhysCs = "Journal of Physics C: Solid State Physics"}
@string{JPhysC  = "Journal of Physics: Condensed Matter"}
@string{JEngM   = "Journal of Engineering Mathematics"}
@string{JMaPh   = "Journal of Mathematical Physics"}
@string{NM      = "Numerische Mathematik"}
@string{NA      = "Numerical Algorithms"}
@string{TOMS    = "ACM Transactions on Mathematical Software"}
@string{ATIS    = "ACM Transactions on Information Systems"}
@string{CPC     = "Computer Physics Communications"}
@string{CiCP    = "Communications in Computational Physics"}
@string{CPL     = "Chemical Physics Letters"}
@string{SCL     = "Systems and Control Letters"}
@string{CMS     = "Computational Materials Science"}

@string{LNCS    = "Lecture Notes in Computer Science"}
@string{LNP     = "Lecture Notes in Physics"}

@string{ACTANUM = "Acta Numerica"}
@string{ACTAI   = "Acta Informatica"}
@string{ACTAM   = "Acta Mathematica"}
@string{ACTAMe  = "Acta Mechanica"}
@string{ACTAAM  = "Acta Applicandae Mathematicae"}

@string{ADVM   = "Advances in Mathematics"}
@string{ADVMe  = "Advances in Mechanics"}
@string{ADVAM  = "Advances in Applied Mathematics"}
@string{ADVCM  = "Advances in Computational Mathematics"}
@string{ADVAMe = "Advances in Applied Mechanics"}
@string{ADVP   = "Advances in Physics"}
@string{ADVAP  = "Advances in Applied Probability"}

@string{AMEJM = "American Journal of Mathematics"}
@string{AMEJP = "American Journal of Physics"}
@string{AMEMM = "American Mathematical Monthly"}
@string{AppM  = "Applied Mathematics"}
@string{AppMC = "Applied Mathematics and Computation "}
@string{AppNM = "Applied Numerical Mathematics"}
@string{AppML = "Applied Mathematics Letters"}
@string{AppMM = "Applied Mathematical Modelling"}

@string{IMAAM = "IMA Journal of Applied Mathematics"}
@string{IMANA = "IMA Journal of Numerical Analysis"}
@string{AppNM = "Applied Numerical Mathematics"}
@string{AppTA = "Approximation Theory and its Applications"} 


@string{ChemEJ = "Chemical Engineering Journal"}
@string{ChemP  = "Chemical Physics"}
@string{ChemPL = "Chemical Physics Letters"}
@string{COMMACM = "Communications of the ACM"}
@string{COMPMA = "Computational Mathematics and Applications"}
@string{COMPMP = "Computational Mathematics and Mathematical Physics"}


% some no need to use full form !

@string{COMMAME = "Comput. Methods Appl. Mech. Engrg."}
@string{IBMJR = "IBM J. Res. Develop."}

@string{ITASSP = "IEEE Transactions on Acoustics Speech \& Signal Processing"}
@string{ITAP   = "IEEE Transactions on Antennas and Propagation"}
@string{ITAES  = "IEEE Transactions on Aerospace and Electronic Systems"}
@string{ITAC   = "IEEE Transactions on Automatic Control"}
@string{ITCAD  = "IEEE Transactions on Computer-aided Design of Integrated Circuits and Systems"}
@string{ITCS   = "IEEE Transactions on Circuits and Systems"}
@string{ITComm = "IEEE Transactions on Communications"}
@string{ITComp = "IEEE Transactions on Computers"}
@string{ITGRS  = "IEEE Transactions on Geoscience and Remote Sensing"}
@string{ITIP   = "IEEE Transactions on Image Processing"}
@string{ITIT   = "IEEE Transactions on Information Theory"}
@string{ITMTT  = "IEEE Transactions on Microwave Theory and Techniques"}
@string{ITPS   = "IEEE Transactions on Plasma Science"}
@string{ITPAMI = "IEEE Transactions on Pattern Analysis and Machine Intelligence"}
@string{ITSE   = "IEEE Transactions on Software Engineering"}
@string{ITSMC  = "IEEE Transactions on Systems Man and Cybernetics"}
@string{ITSP   = "IEEE Transactions on Signal Processing"}
@string{CiSE   = "Computing in Science and Engineering"}

@string{INTEO  = "Integral Equations Operator Theory"}
@string{IJCM   = "International Journal of Computer Mathematics"}
@string{IJCont = "International Journal of Control"}
@string{IJCIS  = "International Journal of Computing and Information Sciences"}
@string{IJCV   = "International Journal of Computer Vision"}

@string{IJNME  = "Internat. J. Numer. Methods Engrg."}
@string{IJNAMG = "Internat. J. Numer. Anal. Methods Geomech."}
@string{IJNMF  = "Internat. J. Numer. Methods Fluids"}
@string{IJQC   = "International Journal of Quantum Chemistry"}
@string{IJSS   = "Internat. J. Solids and Structures"}
@string{IJSSci = "Internat. J. Systems Science"}
@string{IJTP   = "Internat. J. Theoretical Physics"}
@string{IntMN  = "Internat. Math. News"}
@string{IJRR   = "Internat. J. Robotics Res."}
@string{IntSR  = "Internat. Statist. Rev."}
@string{IntdSR = "Interdisciplinary Sci. Rev."}

@string{JRSSA = "Journal of the Royal Statistical Society, Series A"}
@string{JRSSB = "Journal of the Royal Statistical Society, Series B"}
@string{AStat = "Annals of statistics"}

@string{JALGO = "Journal of Algorithms"}
@string{JAChemS = "Journal of the American Chemical Society"}
@string{JAMathS = "Journal of the American Mathematical Society"}
@string{JAStatA = "Journal of the American Statistical Association"}
@string{JANAM = "J. Analyse Math."}

@string{JAMa  = "Journal of Applied Mathematics"}
@string{JANMa = "Journal of Applied Numerical Mathematics"}
@string{JAMMe = "J. Appl. Math. Mech."}
@string{JAMTP = "J. Appl. Mech. Tech. Phys."}
@string{JAP   = "J. Applied Probability"}
@string{JAT   = "J. Approximation Theory"}
@string{ANM   = "Applied Numerical Mathematics"}

@string{NMPDE = "Numerical Methods for Partial Differential Equations"}
@string{JDEq  = "J. Differential Equations"}
@string{JDGeo = "J. Differential Geometry"}
@string{JGraT = "J. Graph Theory"}
@string{JOpeT = "J. Operator Theory"}
@string{JOSAA = "J. Opt. Soc. Amer. A"}
@string{JOTA  = "Journal of Optimization Theory and Applications"}

%@string{MATHA = "Math. Ann."}
@string{MATHA = "Mathematische Annalen"}
@string{MATNS = "Math. Numer. Sinica"}
@string{MATOR = "Mathematics of Operations Research"}

@string{NucPA = "Nuclear Phys. A"}
@string{NucPB = "Nuclear Phys. B"}
@string{NumM  = "Numer. Math."}
@string{NumFA = "Numer. Funct. Anal. Optim."}

@string{PNAS  = "Proceedings of the National Academy of Sciences"}
@string{PRL   = "Physical Review Letters"}
@string{PRA   = "Physical Review A"}
@string{PRB   = "Physical Review B"}
@string{PEC   = "Physical Review C"}
@string{PRD   = "Physical Review D"}
@string{PRE   = "Physical Review E"}
@string{PRev  = "Physical Review"}
@string{RMP   = "Reviews of Modern Physics"}

@string{PHYLA = "Physica Letters A"}
@string{PHYLB = "Physics Letters B"}
@string{PHYSA = "Physics A"}
@string{PHYSBC = "Physics B + C"}
@string{PHYSD = "Physics D"}
@string{PHYSF = "Physics of Fluids"}
@string{PHYSR = "Physics Reports"}
@string{CPR   = "Computer Physics Reports"}
@string{PHYST = "Physics Today"}
@string{RePP  = "Reports on Progress in Physics"}

@string{EPSL  = "Earth and Planetary Science Letters"}

@string{PURAM = "Pure Appl. Math. Sci."}
@string{PURMM = "Pure Math. Manuscript"}
@string{QUAAM = "Quart. Appl. Math."}
@string{QUAEM = "Quaestiones Math."}
@string{QUAJE = "Quart. J. Econom."}

@string{SciN = "Science and Nature"}
@string{SciCP = "Science of Computer Programming"}
@string{SciA = "Scientific American"}

@string{CTNano = "Journal of Computational and Theoretical Nanoscience"}